@book{baader1999term,
  title={Term rewriting and all that},
  author={Baader, Franz and Nipkow, Tobias},
  year={1999},
  publisher={Cambridge university press}
}

@inproceedings{kolovos2013research,
  title={A research roadmap towards achieving scalability in model driven engineering},
  author={Kolovos, Dimitrios S and Rose, Louis M and Matragkas, Nicholas and Paige, Richard F and Guerra, Esther and Cuadrado, Jes{\'u}s S{\'a}nchez and De Lara, Juan and R{\'a}th, Istv{\'a}n and Varr{\'o}, D{\'a}niel and Tisi, Massimo and others},
  booktitle={Proceedings of the Workshop on Scalability in Model Driven Engineering},
  pages={2},
  year={2013},
  organization={ACM}
}

@inproceedings{millstein1999modular,
  title={Modular statically typed multimethods},
  author={Millstein, Todd and Chambers, Craig},
  booktitle={European Conference on Object-Oriented Programming},
  pages={279--303},
  year={1999},
  organization={Springer}
}

@article{driscoll1989making,
  title={Making data structures persistent},
  author={Driscoll, James R and Sarnak, Neil and Sleator, Daniel D and Tarjan, Robert E},
  journal={Journal of computer and system sciences},
  volume={38},
  number={1},
  pages={86--124},
  year={1989},
  publisher={Elsevier}
}

@book{hanmer2013patterns,
  title={Patterns for fault tolerant software},
  author={Hanmer, Robert S},
  year={2013},
  publisher={John Wiley \& Sons}
}

@inproceedings{hammer2014adapton,
  title={Adapton: Composable, demand-driven incremental computation},
  author={Hammer, Matthew A and Phang, Khoo Yit and Hicks, Michael and Foster, Jeffrey S},
  booktitle={ACM SIGPLAN Notices},
  volume={49},
  number={6},
  pages={156--166},
  year={2014},
  organization={ACM}
}


@article{varro2016road,
  title={Road to a reactive and incremental model transformation platform: three generations of the VIATRA framework},
  author={Varr{\'o}, D{\'a}niel and Bergmann, G{\'a}bor and Heged{\"u}s, {\'A}bel and Horv{\'a}th, {\'A}kos and R{\'a}th, Istv{\'a}n and Ujhelyi, Zolt{\'a}n},
  journal={Software \& Systems Modeling},
  volume={15},
  number={3},
  pages={609--629},
  year={2016},
  publisher={Springer}
}

@article{ujhelyi2015emf,
  title={EMF-IncQuery: An integrated development environment for live model queries},
  author={Ujhelyi, Zolt{\'a}n and Bergmann, G{\'a}bor and Heged{\"u}s, {\'A}bel and Horv{\'a}th, {\'A}kos and Izs{\'o}, Benedek and R{\'a}th, Istv{\'a}n and Szatm{\'a}ri, Zolt{\'a}n and Varr{\'o}, D{\'a}niel},
  journal={Science of Computer Programming},
  volume={98},
  pages={80--99},
  year={2015},
  publisher={Elsevier}
}

@inproceedings{rath2008live,
  title={Live model transformations driven by incremental pattern matching},
  author={R{\'a}th, Istv{\'a}n and Bergmann, G{\'a}bor and {\"O}kr{\"o}s, Andr{\'a}s and Varr{\'o}, D{\'a}niel},
  booktitle={International Conference on Theory and Practice of Model Transformations},
  pages={107--121},
  year={2008},
  organization={Springer}
}

@inproceedings{stevens2007landscape,
  title={A landscape of bidirectional model transformations},
  author={Stevens, Perdita},
  booktitle={International Summer School on Generative and Transformational Techniques in Software Engineering},
  pages={408--424},
  year={2007},
  organization={Springer}
}

@inproceedings{balogh2006advanced,
  title={Advanced model transformation language constructs in the VIATRA2 framework},
  author={Balogh, Andr{\'a}s and Varr{\'o}, D{\'a}niel},
  booktitle={Proceedings of the 2006 ACM symposium on Applied computing},
  pages={1280--1287},
  year={2006},
  organization={ACM}
}

@article{felleisen2018programmable,
  title={A programmable programming language},
  author={Felleisen, Matthias and Findler, Robert Bruce and Flatt, Matthew and Krishnamurthi, Shriram and Barzilay, Eli and McCarthy, Jay and Tobin-Hochstadt, Sam},
  journal={Communications of the ACM},
  volume={61},
  number={3},
  pages={62--71},
  year={2018},
  publisher={ACM}
}

@article{steele1999growing,
  title={Growing a language},
  author={Steele, Guy L},
  journal={Higher-Order and Symbolic Computation},
  volume={12},
  number={3},
  pages={221--236},
  year={1999},
  publisher={Springer}
}


@inproceedings{de2008z3,
  title={Z3: An efficient SMT solver},
  author={De Moura, Leonardo and Bj{\o}rner, Nikolaj},
  booktitle={International conference on Tools and Algorithms for the Construction and Analysis of Systems},
  pages={337--340},
  year={2008},
  organization={Springer}
}

@incollection{barrett2018satisfiability,
  title={Satisfiability modulo theories},
  author={Barrett, Clark and Tinelli, Cesare},
  booktitle={Handbook of Model Checking},
  pages={305--343},
  year={2018},
  publisher={Springer}
}

@inproceedings{cousot1977abstract,
  title={Abstract interpretation: a unified lattice model for static analysis of programs by construction or approximation of fixpoints},
  author={Cousot, Patrick and Cousot, Radhia},
  booktitle={Proceedings of the 4th ACM SIGACT-SIGPLAN symposium on Principles of programming languages},
  pages={238--252},
  year={1977},
  organization={ACM}
}

@article{cousot1992abstract,
  title={Abstract interpretation frameworks},
  author={Cousot, Patrick and Cousot, Radhia},
  journal={Journal of logic and computation},
  volume={2},
  number={4},
  pages={511--547},
  year={1992},
  publisher={Oxford University Press}
}


@inproceedings{weintrop2018evaluating,
  title={Evaluating CoBlox: A comparative study of robotics programming environments for adult novices},
  author={Weintrop, David and Afzal, Afsoon and Salac, Jean and Francis, Patrick and Li, Boyang and Shepherd, David C and Franklin, Diana},
  booktitle={Proceedings of the 2018 CHI Conference on Human Factors in Computing Systems},
  pages={366},
  year={2018},
  organization={ACM}
}

@inproceedings{antao2008ronald,
  title={Ronald: A Domain-Specific Language to Study the Interactions Between Malaria Infections and Drug Treatments.},
  author={Antao, Tiago and Hastings, Ian M and McBurney, Peter},
  booktitle={BIOCOMP},
  pages={747--752},
  year={2008}
}

@inproceedings{anh2015kendrick,
  title={KENDRICK: A Domain Specific Language and platform for mathematical epidemiological modelling},
  author={Anh, Bui Thi Mai and Stinckwich, Serge and Ziane, Mikal and Roche, Benjamin and Vinh, Ho Tuong},
  booktitle={The 2015 IEEE RIVF International Conference on Computing \& Communication Technologies-Research, Innovation, and Vision for Future (RIVF)},
  pages={132--137},
  year={2015},
  organization={IEEE}
}

@MISC{progBas,
   author =       "{Ming-Yee Iu}",
   title =        "Programming Basics: A website teaching people how to program",
   year =         "2018",
   howpublished={\url{http://www.programmingbasics.org/en/}}
 }

@MISC{voelterProgBas,
   author =       "Voelter, Markus",
   title =        "Programming Basics: How to think like a programmer",
   year =         "2018",
   howpublished={\url{https://markusvoelter.github.io/ProgrammingBasics/}}
 }


@MISC{voelterMedium,
   author =       "Voelter, Markus",
   title =        "The hidden layer between the Fachlichkeit and the -ilities",
   year =         "2019",
   howpublished={\url{https://medium.com/@markusvoelter/the-hidden-layer-between-the-fachlichkeit-and-the-ilities-7d850fde00bf}}
 }
 
@MISC{omgBPMN,
   author =       {{Object Management Group}},
   title =        "Decision Model and Notation Specification Version 1.2",
   year =         "2019",
   howpublished={\url{https://www.omg.org/spec/DMN}}
 }
 
 @MISC{metacase,
   author =       {{Metacase Consulting}},
   title =        "{DSM} Examples",
   year =         "2019",
   howpublished={\url{https://metacase.com/cases/dsm\_examples.html}}
 }
 
 
 
 
@MISC{voelterKolk,
   author =       "Kolk, Henk and Voelter, Markus",
   title =        "Democratizing Software Creation",
   year =         "2008",
   note =         "Presentation at OOP 2008 conference",
   howpublished={\url{http://voelter.de/data/presentations/KolkVoelter\_IntentionalSoftware.pdf}}
 } 


@article{wing2006computational,
  title={Computational thinking},
  author={Wing, Jeannette M},
  journal={Communications of the ACM},
  volume={49},
  number={3},
  pages={33--35},
  year={2006}
}


@article{chinosi2012bpmn,
  title={BPMN: An introduction to the standard},
  author={Chinosi, Michele and Trombetta, Alberto},
  journal={Computer Standards \& Interfaces},
  volume={34},
  number={1},
  pages={124--134},
  year={2012},
  publisher={Elsevier}
}

@inproceedings{christiansen2013actuarial,
  title={An actuarial programming language for life insurance and pensions},
  author={Christiansen, David R and Grue, Klaus and Niss, Henning and Sestoft, Peter and Sigtryggsson, Kristj{\'a}n S},
  booktitle={Proceedings of 30th International Congress of Actuaries. Washington DC: International Actuarial Association},
  year={2013}
}

@inproceedings{peyton2000composing,
  title={Composing contracts: an adventure in financial engineering (functional pearl)},
  author={Peyton Jones, Simon and Eber, Jean-Marc and Seward, Julian},
  booktitle={ACM SIGPLAN Notices},
  volume={35},
  number={9},
  pages={280--292},
  year={2000},
  organization={ACM}
}

@inproceedings{simonyi2006intentional,
  title={Intentional software},
  author={Simonyi, Charles and Christerson, Magnus and Clifford, Shane},
  booktitle={ACM SIGPLAN Notices},
  volume={41},
  number={10},
  pages={451--464},
  year={2006},
  organization={ACM}
}

@inproceedings{klint2009easy,
  title={EASY Meta-programming with Rascal},
  author={Klint, Paul and Van Der Storm, Tijs and Vinju, Jurgen},
  booktitle={International Summer School on Generative and Transformational Techniques in Software Engineering},
  pages={222--289},
  year={2009},
  organization={Springer}
}

@inproceedings{pace2009controlled,
  title={A controlled language for the specification of contracts},
  author={Pace, Gordon J and Rosner, Michael},
  booktitle={International Workshop on Controlled Natural Language},
  pages={226--245},
  year={2009},
  organization={Springer}
}

@article{linington2004unified,
  title={A unified behavioural model and a contract language for extended enterprise},
  author={Linington, Peter F and Milosevic, Zoran and Cole, James and Gibson, Simon and Kulkarni, Sachin and Neal, Stephen},
  journal={Data \& Knowledge Engineering},
  volume={51},
  number={1},
  pages={5--29},
  year={2004},
  publisher={Elsevier}
}


@inproceedings{faerber2007comprehensive,
  title={A Comprehensive Modeling Language for Clinical Processes.},
  author={Faerber, Matthias and Jablonski, Stefan and Schneider, Tobias},
  booktitle={ECEH},
  pages={77--88},
  year={2007},
  organization={Citeseer}
}

@phdthesis{mediratta2007generic,
  title={A generic domain specific language for financial contracts},
  author={Mediratta, Anupam},
  year={2007},
  school={Rutgers University-Graduate School-New Brunswick}
}

@inproceedings{barzdins2009domain,
  title={Domain specific languages for business process management: a case study},
  author={Barzdins, Janis and Cerans, Karlis and Kalnins, A and Grasmanis, M and Kozlovics, Sergejs and Lace, Lelde and Liepins, Renars and Rencis, Edgars and Sprogis, Arturs and Zarins, Andris},
  booktitle={Proceedings of DSM},
  volume={9},
  pages={34--40},
  year={2009}
}

@article{maloney2010scratch,
  title={The scratch programming language and environment},
  author={Maloney, John and Resnick, Mitchel and Rusk, Natalie and Silverman, Brian and Eastmond, Evelyn},
  journal={ACM Transactions on Computing Education (TOCE)},
  volume={10},
  number={4},
  pages={16},
  year={2010},
  publisher={ACM}
}

@article{feurzeig1972logo,
  title={LOGO—A programming language for teaching mathematics},
  author={Feurzeig, Wallace and Lukas, George},
  journal={Educational Technology},
  volume={12},
  number={3},
  pages={39--46},
  year={1972},
  publisher={JSTOR}
}

@inproceedings{stoel2016solving,
  title={Solving the bank with rebel: on the design of the rebel specification language and its application inside a bank},
  author={Stoel, Jouke and Storm, Tijs van der and Vinju, Jurgen and Bosman, Joost},
  booktitle={Proceedings of the 1st Industry Track on Software Language Engineering},
  pages={13--20},
  year={2016},
  organization={ACM}
}

@article{van1997domain,
  title={Domain-specific languages versus object-oriented frameworks: A financial engineering case study},
  author={van Deursen, Arie},
  journal={Smalltalk and Java in Industry and Academia, STJA’97},
  pages={35--39},
  year={1997}
}

@article{van2000domain,
  title={Domain-specific languages: An annotated bibliography},
  author={Van Deursen, Arie and Klint, Paul and Visser, Joost},
  journal={ACM Sigplan Notices},
  volume={35},
  number={6},
  pages={26--36},
  year={2000},
  publisher={ACM}
}

@inproceedings{erdweg2012language,
  title={Language composition untangled},
  author={Erdweg, Sebastian and Giarrusso, Paolo G and Rendel, Tillmann},
  booktitle={Proceedings of the Twelfth Workshop on Language Descriptions, Tools, and Applications},
  pages={7},
  year={2012},
  organization={ACM}
}

@inproceedings{erdweg2013state,
  title={The state of the art in language workbenches},
  author={Erdweg, Sebastian and Van Der Storm, Tijs and V{\"o}lter, Markus and Boersma, Meinte and Bosman, Remi and Cook, William R and Gerritsen, Albert and Hulshout, Angelo and Kelly, Steven and Loh, Alex and others},
  booktitle={International Conference on Software Language Engineering},
  pages={197--217},
  year={2013},
  organization={Springer}
}

@article{ba,
  title={Problem und Loesung beschreiben},
  author={Huber, Gabriel and Wälzlein, Roland},
  journal={Java Magazin},
  volume={2017},
  number={1},
  pages={},
  year={2017},
  publisher={Software und Support}
}


@inproceedings{dta,
 author = {Pepels, Betsy and Zanten, Gert Veldhuijzen van},
 title = {Model Driven Software Engineering in the Large: Experiences at the Dutch Tax and Customs Service (Industry Talk)},
 booktitle = {Proceedings of the 1st Industry Track on Software Language Engineering},
 series = {ITSLE 2016},
 year = {2016},
 isbn = {978-1-4503-4646-7},
 location = {Amsterdam, Netherlands},
 pages = {2--2},
 numpages = {1},
 url = {http://doi.acm.org/10.1145/2998407.3001933},
 doi = {10.1145/2998407.3001933},
 acmid = {3001933},
 publisher = {ACM},
 address = {New York, NY, USA},
 keywords = {industrial experience, model-driven software engineering, software language engineering},
} 


@inproceedings{ratiu2012implementing,
  title={Implementing modular domain specific languages and analyses},
  author={Ratiu, Daniel and Voelter, Markus and Molotnikov, Zaur and Schaetz, Bernhard},
  booktitle={Proceedings of the Workshop on Model-Driven Engineering, Verification and Validation},
  pages={35--40},
  year={2012},
  organization={ACM}
}

@inproceedings{voelter2018fusing,
  title={Fusing modeling and programming into language-oriented programming},
  author={Voelter, Markus},
  booktitle={International Symposium on Leveraging Applications of Formal Methods},
  pages={309--339},
  year={2018},
  organization={Springer}
}

@article{jurgens2006domain,
  title={Domain Specific Languages},
  author={J{\"u}rgens, Elmar and Feilkas, Martin},
  year={2006}
}


@article{bruckhaus1996impact,
  title={The impact of tools on software productivity},
  author={Bruckhaus, Tilmann and Madhavii, NH and Janssen, Ingrid and Henshaw, John},
  journal={IEEE Software},
  volume={13},
  number={5},
  pages={29--38},
  year={1996},
  publisher={IEEE}
}

@inproceedings{hermans2009domain,
  title={Domain-specific languages in practice: A user study on the success factors},
  author={Hermans, Felienne and Pinzger, Martin and Van Deursen, Arie},
  booktitle={International Conference on Model Driven Engineering Languages and Systems},
  pages={423--437},
  year={2009},
  organization={Springer}
}

@article{broy2013benefit,
  title={What is the benefit of a model-based design of embedded software systems in the car industry?},
  author={Broy, Manfred and Kirstan, Sascha and Krcmar, Helmut and Sch{\"a}tz, Bernhard and Zimmermann, Jens},
  journal={Software Design and Development: Concepts, Methodologies, Tools, and Applications: Concepts, Methodologies, Tools, and Applications},
  pages={310},
  year={2013},
  publisher={IGI Global}
}

@article{liggesmeyer2009trends,
  title={Trends in embedded software engineering},
  author={Liggesmeyer, Peter and Trapp, Mario},
  journal={IEEE software},
  volume={26},
  number={3},
  year={2009},
  publisher={IEEE}
}

@inproceedings{mbeddrSM,
  title={Using C Language Extensions for Developing Embedded Software: A Case Study},
  author={Voelter, Markus and van Deursen, Arie and Kolb, Bernd and Eberle, Stephan},
  booktitle={OOPSLA 2015},
  pages={},
  year={2015},
}

@inproceedings{kieburtz1996software,
  title={A software engineering experiment in software component generation},
  author={Kieburtz, Richard B and McKinney, Laura and Bell, Jeffrey M and Hook, James and Kotov, Alex and Lewis, Jeffrey and Oliva, Dino P and Sheard, Tim and Smith, Ira and Walton, Lisa},
  booktitle={Proceedings of the 18th international conference on Software engineering},
  pages={542--552},
  year={1996},
  organization={IEEE Computer Society}
}


@inproceedings{liebel2014assessing,
  title={Assessing the state-of-practice of model-based engineering in the embedded systems domain},
  author={Liebel, Grischa and Marko, Nadja and Tichy, Matthias and Leitner, Andrea and Hansson, J{\"o}rgen},
  booktitle={International Conference on Model Driven Engineering Languages and Systems},
  pages={166--182},
  year={2014},
  organization={Springer}
}

@inproceedings{karna2009evaluating,
  title={Evaluating the use of domain-specific modeling in practice},
  author={K{\"a}rn{\"a}, Juha and Tolvanen, Juha-Pekka and Kelly, Steven},
  booktitle={Proceedings of the 9th OOPSLA workshop on Domain-Specific Modeling},
  year={2009}
}

@article{voelter2018using,
  title={Using language workbenches and domain-specific languages for safety-critical software development},
  author={Voelter, Markus and Kolb, Bernd and Birken, Klaus and Tomassetti, Federico and Alff, Patrick and Wiart, Laurent and Wortmann, Andreas and Nordmann, Arne},
  journal={Software \& Systems Modeling},
  pages={1--24},
  year={2018},
  publisher={Springer}
}

@article{van2000domain,
  title={Domain-specific languages: An annotated bibliography},
  author={Van Deursen, Arie and Klint, Paul and Visser, Joost},
  journal={ACM Sigplan Notices},
  volume={35},
  number={6},
  pages={26--36},
  year={2000},
  publisher={ACM}
}

@inproceedings{voelter2018design,
  title={The design, evolution, and use of kernelf},
  author={Voelter, Markus},
  booktitle={International Conference on Theory and Practice of Model Transformations},
  pages={3--55},
  year={2018},
  organization={Springer}
}

@book{johnston2014bitemporal,
  title={Bitemporal data: theory and practice},
  author={Johnston, Tom},
  year={2014},
  publisher={Newnes}
}

@book{evans2004domain,
  title={Domain-driven design: tackling complexity in the heart of software},
  author={Evans, Eric},
  year={2004},
  publisher={Addison-Wesley Professional}
}

@inproceedings{voelter2018design,
  title={The Design, Evolution, and Use of KernelF},
  author={Voelter, Markus},
  booktitle={International Conference on Theory and Practice of Model Transformations},
  pages={3--55},
  year={2018},
  organization={Springer}
}

@inproceedings{mcdirmid2013usable,
  title={Usable live programming},
  author={McDirmid, Sean},
  booktitle={Proceedings of the 2013 ACM international symposium on New ideas, new paradigms, and reflections on programming \& software},
  pages={53--62},
  year={2013},
  organization={ACM}
}


















@inproceedings{efftinge2012xbase,
  title={Xbase: implementing domain-specific languages for Java},
  author={Efftinge, Sven and Eysholdt, Moritz and K{\"o}hnlein, Jan and Zarnekow, Sebastian and von Massow, Robert and Hasselbring, Wilhelm and Hanus, Michael},
  booktitle={ACM SIGPLAN Notices},
  volume={48},
  number={3},
  pages={112--121},
  year={2012},
  organization={ACM}
}

@inproceedings{hickey2008clojure,
  title={The clojure programming language},
  author={Hickey, Rich},
  booktitle={Proceedings of the 2008 symposium on Dynamic languages},
  pages={1},
  year={2008},
  organization={ACM}
}

@inproceedings{bousse2016execution,
  title={Execution framework of the gemoc studio (tool demo)},
  author={Bousse, Erwan and Degueule, Thomas and Vojtisek, Didier and Mayerhofer, Tanja and Deantoni, Julien and Combemale, Benoit},
  booktitle={Proceedings of the 2016 ACM SIGPLAN International Conference on Software Language Engineering},
  pages={84--89},
  year={2016},
  organization={ACM}
}

 @MISC{sc,
   author =       "Voelter, Markus",
   title =        "A Smart Contract Development Stack",
   url =          "\url{https://languageengineering.io/a-smart-contract-development-stack-54533a3a503a}",
   note =         "[Online; posted 6 Dec, 2017]",
 }
 
@book{hanmer2013patterns,
  title={Patterns for fault tolerant software},
  author={Hanmer, Robert},
  year={2013},
  publisher={John Wiley \& Sons}
}


@article{kernelFExtRef,
  title={The KernelF Reference},
  author={Voelter, Markus},
  year={2018},
  url = "\url{http://voelter.de/data/pub/kernelf-reference-2.pdf}",
}

@article{mpsLangDevOverview,
  title={Language Development with MPS - A Quick Overview},
  author={Voelter, Markus},
  year={2018},
  url = "\url{http://voelter.de/data/pub/mpsLangDevOverview.pdf}",
}


@article{jia2011analysis,
  title={An analysis and survey of the development of mutation testing},
  author={Jia, Yue and Harman, Mark},
  journal={IEEE transactions on software engineering},
  volume={37},
  number={5},
  pages={649--678},
  year={2011},
  publisher={IEEE}
}

@article{narasimban1999using,
  title={Using interceptors to enhance CORBA},
  author={Narasimban, P and Moser, Louise E and Melliar-Smith, P Michael},
  journal={Computer},
  volume={32},
  number={7},
  pages={62--68},
  year={1999},
  publisher={IEEE}
}

@inproceedings{douceur2002sybil,
  title={The sybil attack},
  author={Douceur, John R},
  booktitle={International workshop on peer-to-peer systems},
  pages={251--260},
  year={2002},
  organization={Springer}
}

@book{gibbons1992primer,
  title={A primer in game theory},
  author={Gibbons, Robert},
  year={1992},
  publisher={Harvester Wheatsheaf}
}

@inproceedings{booth1997walk,
  title={Walk backwards to happiness: debugging by time travel},
  author={Booth, Simon P and Jones, Simon B},
  booktitle={Proceedings of the 3rd International Workshop on Automatic Debugging; 1997 (AADEBUG-97)},
  number={001},
  pages={171--184},
  year={1997},
  organization={Link{\"o}ping University Electronic Press}
}

@inproceedings{frantz2016institutions,
  title={From institutions to code: Towards automated generation of smart contracts},
  author={Frantz, Christopher K and Nowostawski, Mariusz},
  booktitle={Foundations and Applications of Self* Systems, IEEE International Workshops on},
  pages={210--215},
  year={2016},
  organization={IEEE}
}

@inproceedings{hirai2017defining,
  title={Defining the ethereum virtual machine for interactive theorem provers},
  author={Hirai, Yoichi},
  booktitle={International Conference on Financial Cryptography and Data Security},
  pages={520--535},
  year={2017},
  organization={Springer}
}

@article{amani2018towards,
  title={Towards Verifying Ethereum Smart Contract Bytecode in Isabelle/HOL},
  author={Amani, Sidney and B{\'e}gel, Myriam and Bortin, Maksym and Staples, Mark},
  journal={CPP. ACM. To appear},
  year={2018}
}


@inproceedings{korpela2017digital,
  title={Digital supply chain transformation toward blockchain integration},
  author={Korpela, Kari and Hallikas, Jukka and Dahlberg, Tomi},
  booktitle={proceedings of the 50th Hawaii international conference on system sciences},
  year={2017}
}

@incollection{peters2016understanding,
  title={Understanding modern banking ledgers through blockchain technologies: Future of transaction processing and smart contracts on the internet of money},
  author={Peters, Gareth W and Panayi, Efstathios},
  booktitle={Banking Beyond Banks and Money},
  pages={239--278},
  year={2016},
  publisher={Springer}
}

@article{wood2014ethereum,
  title={Ethereum: A secure decentralised generalised transaction ledger},
  author={Wood, Gavin},
  journal={Ethereum Project Yellow Paper},
  volume={151},
  pages={1--32},
  year={2014}
}

@book{tapscott2016blockchain,
  title={Blockchain revolution: how the technology behind bitcoin is changing money, business, and the world},
  author={Tapscott, Don and Tapscott, Alex},
  year={2016},
  publisher={Penguin}
}

@article{jensen1999temporal,
  title={Temporal data management},
  author={Jensen, Christian S and Snodgrass, Richard T},
  journal={IEEE Transactions on Knowledge and Data Engineering},
  volume={11},
  number={1},
  pages={36--44},
  year={1999},
  publisher={IEEE}
}

@article{deremer1976programming,
  title={Programming-in-the-large versus programming-in-the-small},
  author={DeRemer, Frank and Kron, Hans H},
  journal={IEEE Transactions on Software Engineering},
  number={2},
  pages={80--86},
  year={1976},
  publisher={IEEE}
}

@techreport{odersky2004overview,
  title={An overview of the Scala programming language},
  author={Odersky, Martin and Altherr, Philippe and Cremet, Vincent and Emir, Burak and Maneth, Sebastian and Micheloud, St{\'e}phane and Mihaylov, Nikolay and Schinz, Michel and Stenman, Erik and Zenger, Matthias},
  year={2004}
}

@article{dean2008mapreduce,
  title={MapReduce: simplified data processing on large clusters},
  author={Dean, Jeffrey and Ghemawat, Sanjay},
  journal={Communications of the ACM},
  volume={51},
  number={1},
  pages={107--113},
  year={2008},
  publisher={ACM}
}

@inproceedings{erdweg2012language,
  title={Language composition untangled},
  author={Erdweg, Sebastian and Giarrusso, Paolo G and Rendel, Tillmann},
  booktitle={Proceedings of the Twelfth Workshop on Language Descriptions, Tools, and Applications},
  pages={7},
  year={2012},
  organization={ACM}
}

@article{fowler2005language,
  title={Language workbenches: The killer-app for domain specific languages},
  author={Fowler, Martin},
  year={2005}
}

@inproceedings{mbeddrSM,
 author = {Voelter, Markus and Deursen, Arie van and Kolb, Bernd and Eberle, Stephan},
 title = {Using C Language Extensions for Developing Embedded Software: A Case Study},
 booktitle = {Proceedings of OOPSLA 2015},
 year = {2015},
 pages = {655--674},
 publisher = {ACM},
 keywords = {Code Generation, Extensible languages, Program Editors, Real-time and embedded systems},
} 

@article{voelter2014supporting,
  title = {{Supporting Diverse Notations in MPS' Projectional Editor}},
  author={Voelter, Markus and Lisson, Sascha},
  journal={GEMOC Workshop}
}

@article{voelter2013mbeddr,
    Author = {Voelter, Markus and Ratiu, Daniel and Kolb, Bernd and Schaetz, Bernhard},
    Date-Modified = {2013-12-27 08:56:57 +0000},
    Journal = {Automated Software Engineering},
    Pages = {1--52},
    Number = {3},
    Publisher = {Springer},
    Title = {mbeddr: instantiating a language workbench in the embedded software domain},
    Volume = {20},
    Year = {2013}}
    
@Article{Voelter2017,
author="Voelter, Markus
and Kolb, Bernd
and Szab{\'o}, Tam{\'a}s
and Ratiu, Daniel
and van Deursen, Arie",
title="Lessons learned from developing mbeddr: a case study in language engineering with MPS",
journal="Software {\&} Systems Modeling",
year="2017",
month="Jan",
day="09",
abstract="Language workbenches are touted as a promising technology to engineer languages for use in a wide range of domains, from programming to science to business. However, not many real-world case studies exist that evaluate the suitability of language workbench technology for this task. This paper contains such a case study. In particular, we evaluate the development of mbeddr, a collection of integrated languages and language extensions built with the Jetbrains MPS language workbench. mbeddr consists of 81 languages, with their IDE support, 34 of them C extensions. The mbeddr languages use a wide variety of notations---textual, tabular, symbolic and graphical---and the C extensions are modular; new extensions can be added without changing the existing implementation of C. mbeddr's development has spanned 10 person-years so far, and the tool is used in practice and continues to be developed. This makes mbeddr a meaningful case study of non-trivial size and complexity. The evaluation is centered around five research questions: language modularity, notational freedom and projectional editing, mechanisms for managing complexity, performance and scalability issues and the consequences for the development process. We draw generally positive conclusions; language engineering with MPS is ready for real-world use. However, we also identify a number of areas for improvement in the state of the art in language engineering in general, and in MPS in particular.",
issn="1619-1374",
doi="10.1007/s10270-016-0575-4",
url="https://doi.org/10.1007/s10270-016-0575-4"
}

@incollection{Voelter2011,
    Author = {Markus Voelter},
    Booktitle = {GTTSE 2011},
    Citedby = {0},
    Cites = {0},
    Publisher = {Springer},
    Researchr = {http://researchr.org/publication/Voelter2011},
    Series = {LNCS},
    Tags = {composition},
    title = {Language and IDE Development, Modularization and Composition with {MPS}},
    Year = {2011}}
    
    

@inproceedings{berger2016efficiency,
  title={Efficiency of projectional editing: A controlled experiment},
  author={Berger, Thorsten and V{\"o}lter, Markus and Jensen, Hans Peter and Dangprasert, Taweesap and Siegmund, Janet},
  booktitle={Proceedings of the 2016 24th ACM SIGSOFT International Symposium on Foundations of Software Engineering},
  pages={763--774},
  year={2016},
  organization={ACM}
}

    
    

@inproceedings{voelter2016efficient,
  title={Efficient development of consistent projectional editors using grammar cells},
  author={Voelter, Markus and Szab{\'o}, Tam{\'a}s and Lisson, Sascha and Kolb, Bernd and Erdweg, Sebastian and Berger, Thorsten},
  booktitle={Proceedings of the 2016 ACM SIGPLAN International Conference on Software Language Engineering},
  pages={28--40},
  year={2016},
  organization={ACM}
}

@book{voelter2013dslengineering,
  added-at = {2013-03-04T00:00:00.000+0100},
  author = {Voelter, Markus and Benz, Sebastian and Dietrich, Christian and Engelmann, Birgit and Helander, Mats and Kats, Lennart and Visser, Eelco and Wachsmuth, Guido},
  biburl = {http://www.bibsonomy.org/bibtex/2a0fb54f9c604aa9744fec956bfe43933/dblp},
  ee = {http://www.dslbook.org},
  interhash = {064b7593b436f5adf44878f605b4c1a6},
  intrahash = {a0fb54f9c604aa9744fec956bfe43933},
  keywords = {dblp},
  publisher = {dslbook.org},
  timestamp = {2013-03-04T00:00:00.000+0100},
  title = {{DSL Engineering}},
  year = 2013
}

@book{campagneMPS,
  title={The MPS Language Workbench: Volume I},
  author={Campagne, Fabien},
  volume={1},
  year={2014},
  publisher={Fabien Campagne}
}

@misc{mpsdoc,
    title = {{Jetbrains MPS Documentation}},
    howpublished = {\url{https://www.jetbrains.com /mps/documentation}},
}

@book{voelter2014generic,
  title={Generic tools, specific languages},
  author={Voelter, Markus},
  year={2014},
  publisher={Delft University of Technology}
}

@misc{onionStenberg2014,
  title={Domain-Driven Design with Onion Architecture},
  author={Stenberg, Jan},
  year={2014},
  howpublished={\url{https://www.infoq.com/news/2014/10/ddd-onion-architecture}}
}

@misc{onionStettler2018,
  title={DDD mit Onion Architecture & Stereotypes - die Applicationsarchitektur für Domain-Driven Design},
  author={Stettler, Christian (INNOQ Schweiz)},
  year={2014},
  note="[talk at Java User Group Switzerland, Zürich, 22.11.2018]"
}

@inproceedings{florence2015pop,
  title={POP-PL: a patient-oriented prescription programming language},
  author={Florence, Spencer P and Fetscher, Bruke and Flatt, Matthew and Temps, William H and Kiguradze, Tina and West, Dennis P and Niznik, Charlotte and Yarnold, Paul R and Findler, Robert Bruce and Belknap, Steven M},
  booktitle={ACM SIGPLAN Notices},
  volume={51},
  number={3},
  pages={131--140},
  year={2015},
  organization={ACM}
}

@techreport{kangFODA1990,
  title={Feature-Oriented Domain Analysis (FODA) Feasibility Study},
  author={Kyo Kang and Sholom Cohen and James Hess and William Novak and A. Peterson},
  year={1990},
  number={CMU/SEI-90-TR-021 },
  institution={Software Engineering Institute, Carnegie Mellon University},
  address={Pittsburgh, PA},
  url={http://resources.sei.cmu.edu/library/asset-view.cfm?AssetID=11231}
}

@conference {czarnecki2005,
  author = {Krzysztof Czarnecki and Kim, Chang Hwan Peter},
  title = {Cardinality-based feature modeling and constraints: a progress report},
  booktitle = {International Workshop on Software Factories at OOPSLA{\textquoteright}05},
  year = {2005},
  publisher = {ACM},
  organization = {ACM},
  address = {San Diego, California, USA},
  url = {http://softwarefactories.com/workshops/OOPSLA-2005/Papers/Czarnecki.pdf}
}

@inproceedings{de2008z3,
 title={Z3: An efficient SMT solver},
 author={De Moura, Leonardo and Bj{\o}rner, Nikolaj},
 booktitle={International conference on Tools and Algorithms for the Construction and Analysis of Systems},
 pages={337--340},
 year={2008},
 organization={Springer}
}

@InProceedings{czarneckiStagedConfig2004,
  author="Czarnecki, Krzysztof and Helsen, Simon and Eisenecker, Ulrich",
  editor="Nord, Robert L.",
  title="Staged Configuration Using Feature Models",
  booktitle="Software Product Lines",
  year="2004",
  publisher="Springer Berlin Heidelberg",
  address="Berlin, Heidelberg",
  pages="266--283",
  isbn="978-3-540-28630-1"
}

@book{jonesPE1993,
 author = {Jones, Neil D. and Gomard, Carsten K. and Sestoft, Peter},
 title = {Partial Evaluation and Automatic Program Generation},
 year = {1993},
 isbn = {0-13-020249-5},
 publisher = {Prentice-Hall, Inc.},
 address = {Upper Saddle River, NJ, USA},
} 

